% Encoding: UTF-8
%%% ====================================================================
%%%  BibTeX-file{
%%%     author          = "Zachary Meier,
%%%     version         = "1.0",
%%%     date            = "08 Novemeber 2017",
%%%     filename        = "report.bib",
%%%     email           = "zrmeier at indiana.edu",
%%%     codetable       = "ISO/ASCII",
%%%     keywords        = "i523,hid346,Big Data in Oceanography",
%%%     supported       = "yes",
%%%     docstring       = "This BibTeX database file contains 'bibdata' entries for the paper1 report 
%%%  }
%%% ====================================================================

@Electronic{https://www.weforum.org/agenda/2017/08/how-data-can-heal-our-oceans/,
  Title                    = {How data can heal our oceans},
  Author                   = {Nishan Degnarain},
  HowPublished             = {Web Page},
  Language                 = {Enlish},
  Month                    = {August},
  Organization             = {World Economic Forum},
  Url                      = {https://www.weforum.org/agenda/2017/08/how-data-can-heal-our-oceans/},
  Year                     = {2017}
}
 
 